<?xml version="1.0" encoding="UTF-8"?><collection xmlns="http://www.loc.gov/MARC21/slim"><record><leader>00507nam--2200133-i-4500</leader><controlfield tag="001">000034934</controlfield><controlfield tag="002">20161230</controlfield><controlfield tag="005">20161230201040</controlfield><controlfield tag="008">060222s1000------------r-----000-0-eng-d</controlfield><datafield ind1=" " ind2=" " tag="080"><subfield code="a">519.872.8:621.039.5:621.38(043)</subfield></datafield><datafield ind1=" " ind2=" " tag="100"><subfield code="a">Nakhle, Michel</subfield></datafield><datafield ind1=" " ind2=" " tag="245"><subfield code="a">Etude d`un langage et realisation d`un systeme de simulation numerique muni d`une derivation formelle.applications aux reacteurs nucleaires au langage-commande et aux reseaux electroniques.these</subfield></datafield><datafield ind1=" " ind2=" " tag="260"><subfield code="a">Paris, Universite, 1979. 331p</subfield></datafield><datafield ind1=" " ind2=" " tag="852"><subfield code="a">48438</subfield></datafield></record></collection>